<record><leader>00000cas a2200000 a 4500</leader><controlfield tag="001">12564452</controlfield><controlfield tag="008">850917d18791881ksuwr ne      0    0eng d</controlfield><datafield ind1=" " ind2=" " tag="010"><subfield code="a">sn 85029791 </subfield></datafield><datafield ind1=" " ind2=" " tag="040"><subfield code="a">KSH</subfield><subfield code="b">eng</subfield><subfield code="c">KSH</subfield><subfield code="d">NPT</subfield><subfield code="d">OCL</subfield><subfield code="d">OCLCQ</subfield></datafield><datafield ind1=" " ind2=" " tag="042"><subfield code="a">msc</subfield></datafield><datafield ind1="0" ind2="4" tag="245"><subfield code="a">The Russell independent.</subfield></datafield><datafield ind1=" " ind2=" " tag="260"><subfield code="a">Russell, Kan. :</subfield><subfield code="b">H.C. Brown,</subfield><subfield code="c">1879-1881.</subfield></datafield><datafield ind1=" " ind2=" " tag="300"><subfield code="a">3 v. ;</subfield><subfield code="c">52 cm.</subfield></datafield><datafield ind1=" " ind2=" " tag="310"><subfield code="a">Weekly</subfield></datafield><datafield ind1="0" ind2=" " tag="362"><subfield code="a">Vol. 1, no. 1 (Feb. 8, 1879)-v. 3, no. 28 (Aug. 11, 1881).</subfield></datafield><datafield ind1=" " ind2=" " tag="500"><subfield code="a">Publisher varies.</subfield></datafield><datafield ind1=" " ind2=" " tag="500"><subfield code="a">"Republican."</subfield></datafield><datafield ind1=" " ind2=" " tag="752"><subfield code="a">United States</subfield><subfield code="b">Kansas</subfield><subfield code="c">Russell</subfield><subfield code="d">Russell.</subfield></datafield><datafield ind1="0" ind2="4" tag="785"><subfield code="t">Russell County record</subfield><subfield code="w">(DLC)sn 85029778</subfield></datafield><datafield ind1="1" ind2=" " tag="029"><subfield code="a">AU@</subfield><subfield code="b">000022172469</subfield></datafield></record>